%
%  Bibliography file
%
% In the .bib file, you list all the references you may ever want to cite in your article.
% You can of course reuse this file for all the articles you are ever going to write.


%=====

@article{quenouille1949,
  author = {Quenouille, M. H.},
  year = {1949},
  title = {Approximate tests of correlation in time series},
  journal = {Journal of the Royal Statistical Society. Series B (Methodological)},
  volume = {11},
  number = {1},
  pages = {68--84}
}

@article{efron1979,
  author = {Efron, Bradley},
  year = {1979},
  title = {Bootstrap Methods: Another Look at the Jackknife},
  journal = {The Annals of Statistics},
  volume = {7},
  number = {1},
  pages = {1--26}
}

@book{efron1982jackknife,
  title     = {The Jackknife, the Bootstrap, and Other Resampling Plans},
  author    = {Efron, Bradley},
  year      = {1982},
  publisher = {SIAM},
  address   = {Philadelphia}
}

@book{efron1993introduction,
  title     = {An Introduction to the Bootstrap},
  author    = {Efron, Bradley and Tibshirani, Robert J.},
  year      = {1993},
  publisher = {Chapman \& Hall/CRC},
  address   = {New York}
}

@book{shao1995jackknife,
  title     = {The Jackknife and Bootstrap},
  author    = {Shao, Jun and Tu, Dongsheng},
  year      = {1995},
  publisher = {Springer},
  address   = {New York}
}

@article{tukey1958bias,
  author = {Tukey, John W.},
  year = {1958},
  title = {Bias and confidence in not quite large samples},
  journal = {The Annals of Mathematical Statistics},
  volume = {29},
  number = {2},
  pages = {614--623}
}

@misc{sciencedirectJackknife,
  author    = {{ScienceDirect Topics}},
  title     = {Jackknife Resampling},
  howpublished = {\url{https://www.sciencedirect.com/topics/mathematics/jackknife-resampling}},
  note      = {Accessed: 2025-05-04}
}

@misc{mediumJackknifeBootstrap,
  author    = {Biased Algorithms},
  title     = {Jackknife Resampling vs. Bootstrap},
  howpublished = {\url{https://medium.com/biased-algorithms/jackknife-resampling-vs-bootstrap-5b2014576f56}},
  note      = {Accessed: 2025-05-04}
}

@book{davison1997bootstrap,
  author = {Davison, Anthony C. and Hinkley, David V.},
  title = {Bootstrap Methods and Their Application},
  year = {1997},
  publisher = {Cambridge University Press},
  address = {Cambridge}
}

@misc{scikit-learn,
  author = {Pedregosa, Fabian and Varoquaux, Ga\"{e}l and Gramfort, Alexandre and Michel, Vincent and Thirion, Bertrand and Grisel, Olivier and Blondel, Mathieu and Prettenhofer, Peter and Weiss, Ron and Dubourg, Vincent and Vanderplas, Jake and Passos, Alexandre and Cournapeau, David and Brucher, Matthieu and Perrot, Matthieu and Duchesnay, Edouard},
  title = {Scikit-learn: Machine Learning in Python},
  year = {2011},
  howpublished = {\url{https://scikit-learn.org}},
  note = {Accessed: 2025-05-04}
}

@manual{rcoreteam,
  author = {{R Core Team}},
  title = {R: A Language and Environment for Statistical Computing},
  organization = {R Foundation for Statistical Computing},
  year = {2025},
  address = {Vienna, Austria},
  url = {https://www.R-project.org/}
}

@book{horowitz2001bootstrap,
  author = {Horowitz, Joel L.},
  title = {The Bootstrap},
  booktitle = {Handbook of Econometrics},
  volume = {5},
  publisher = {Elsevier},
  year = {2001},
  address = {Amsterdam},
  pages = {3159--3228}
}

@book{hastie2009elements,
  author    = {Hastie, Trevor and Tibshirani, Robert and Friedman, Jerome},
  title     = {The Elements of Statistical Learning: Data Mining, Inference, and Prediction},
  year      = {2009},
  publisher = {Springer},
  address   = {New York}
}

@phdthesis{Rahmanphdthesis,
author = {Rahman, Fahmida},
year = {2019},
month = {05},
pages = {},
title = {EVALUATE PROBE SPEED DATA QUALITY TO IMPROVE TRANSPORTATION MODELING},
doi = {10.13023/etd.2019.137}
}

@article{wu1986jackknife,
  author = {Wu, C. F. Jeff},
  title = {Jackknife, Bootstrap and Other Resampling Methods in Regression Analysis},
  journal = {The Annals of Statistics},
  volume = {14},
  number = {4},
  pages = {1261--1295},
  year = {1986}
}



